<?xml version="1.0" encoding="UTF-8"?><record xmlns="http://www.loc.gov/MARC21/slim" xmlns:cinclude="http://apache.org/cocoon/include/1.0" xmlns:zs="http://www.loc.gov/zing/srw/">
  <leader>00399cz  a2200121n  4500</leader>
  <controlfield tag="001">n 2008021441</controlfield>
  <controlfield tag="003">DLC</controlfield>
  <controlfield tag="005">20080326075203.0</controlfield>
  <controlfield tag="008">080325n| acannaabn          |n ana      </controlfield>
  <datafield tag="010" ind1=" " ind2=" ">
    <subfield code="a">n 2008021441</subfield>
  </datafield>
  <datafield tag="040" ind1=" " ind2=" ">
    <subfield code="a">DLC</subfield>
    <subfield code="b">eng</subfield>
    <subfield code="c">DLC</subfield>
  </datafield>
  <datafield tag="110" ind1="2" ind2=" ">
    <subfield code="a">Asociación de Documentalistas de México</subfield>
  </datafield>
  <datafield tag="670" ind1=" " ind2=" ">
    <subfield code="a">El cine independiente, 2007:</subfield>
    <subfield code="b">t.p. (Asociación de Documentalistas de México, A.C.) t.p. verso (México, D.F.)</subfield>
  </datafield>
</record>